@article{vaci2017chess,
  title={Chess databases as a research vehicle in psychology: Modeling large data},
  author={Vaci, Nemanja and Bilali{\'c}, Merim},
  journal={Behavior research methods},
  volume={49},
  number={4},
  pages={1227--1240},
  year={2017},
  publisher={Springer}
}

@inproceedings{vevcek2014comparison,
  title={A comparison between different chess rating systems for ranking evolutionary algorithms},
  author={Ve{\v{c}}ek, Niki and {\v{C}}repin{\v{s}}ek, Matej and Mernik, Marjan and Hrn{\v{c}}i{\v{c}}, Dejan},
  booktitle={Computer Science and Information Systems (FedCSIS), 2014 Federated Conference on},
  pages={511--518},
  year={2014},
  organization={IEEE}
}

@article{glickman1995glicko,
  title={The glicko system},
  author={Glickman, Mark E},
  journal={Boston University},
  year={1995}
}